<record><leader>00000cas a22000007a 4500</leader><controlfield tag="001">18021478</controlfield><controlfield tag="008">880531d19191953nduwr ne      0    0eng d</controlfield><datafield ind1=" " ind2=" " tag="010"><subfield code="a">sn 88076271 </subfield></datafield><datafield ind1=" " ind2=" " tag="040"><subfield code="a">NOP</subfield><subfield code="b">eng</subfield><subfield code="c">NOP</subfield><subfield code="d">OCL</subfield><subfield code="d">NOP</subfield><subfield code="d">OCLCQ</subfield></datafield><datafield ind1=" " ind2=" " tag="019"><subfield code="a">19484156</subfield></datafield><datafield ind1=" " ind2=" " tag="042"><subfield code="a">msc</subfield></datafield><datafield ind1="0" ind2="0" tag="245"><subfield code="a">Williams County farmers press.</subfield></datafield><datafield ind1="3" ind2="0" tag="246"><subfield code="a">Williston graphic</subfield></datafield><datafield ind1=" " ind2=" " tag="260"><subfield code="a">Williston, N.D. :</subfield><subfield code="b">Williams County Farmers Press</subfield></datafield><datafield ind1=" " ind2=" " tag="300"><subfield code="a">34 v. :</subfield><subfield code="b">ill. ;</subfield><subfield code="c">54-61 cm.</subfield></datafield><datafield ind1=" " ind2=" " tag="310"><subfield code="a">Weekly</subfield></datafield><datafield ind1="0" ind2=" " tag="362"><subfield code="a">Vol. 25, no. 49 (May 22, 1919)-v. 58, no. 46 (May 21, 1953).</subfield></datafield><datafield ind1=" " ind2=" " tag="500"><subfield code="a">Sunday edition published as: Williston graphic, 1939-1952.</subfield></datafield><datafield ind1=" " ind2=" " tag="500"><subfield code="a">Special 50th Anniversary issue published: July 19, 1945.</subfield></datafield><datafield ind1=" " ind2=" " tag="500"><subfield code="a">"Official newspaper for Williams County and City of Williston."</subfield></datafield><datafield ind1=" " ind2=" " tag="530"><subfield code="a">Available on microfilm from the State Historical Society of North Dakota.</subfield></datafield><datafield ind1=" " ind2=" " tag="752"><subfield code="a">United States</subfield><subfield code="b">North Dakota</subfield><subfield code="c">Williams</subfield><subfield code="d">Williston.</subfield></datafield><datafield ind1="0" ind2="0" tag="780"><subfield code="t">Williston graphic</subfield><subfield code="w">(DLC)sn 88076270</subfield></datafield><datafield ind1="0" ind2="0" tag="785"><subfield code="t">Williston farmers press</subfield><subfield code="w">(DLC)sn 88076490</subfield></datafield><datafield ind1="1" ind2=" " tag="029"><subfield code="a">AU@</subfield><subfield code="b">000025836987</subfield></datafield></record>